@inproceedings{ganesh2023impact,
	title={On the impact of machine learning randomness on group fairness},
	author={Ganesh, Prakhar and Chang, Hongyan and Strobel, Martin and Shokri, Reza},
	booktitle={Proceedings of the 2023 ACM Conference on Fairness, Accountability, and Transparency},
	pages={1789--1800},
	year={2023}
}